4364 5916
981 936 1524 1048 EPISTOLA

811 1118 908 1224 Oui
926 1121 1131 1236 aliarum
1151 1153 1239 1249 pro
1259 1119 1482 1255 Hispanis
1499 1129 1550 1228 in
1570 1125 1731 1230 Confi·

809 1277 952 1384 storio
969 1285 1129 1420 Regio
1146 1280 1395 1386 caussarum
1418 1283 1536 1388 liber
1544 1356 1568 1407 ,.
1593 1322 1735 1422 quam

816 1442 984 1546 summi
1025 1444 1354 1583 Hispaniarum
1385 1447 1580 1582 Regis,
1609 1449 1736 1582 apud

809 1605 1066 1709 Caesaream
1083 1606 1402 1744 Majestatem,
1433 1609 1733 1712 Oratori?1n

596 1775 600 1783 '
809 1769 940 1899 cujus
959 1769 1218 1873 clientelam
1240 1771 1396 1906 potius
1415 1767 1652 1906 confugiat
1660 1769 1738 1872 hic

808 1921 953 2048 liber,
987 1963 1129 2064 quam
1145 1937 1274 2067 ejus,
1306 1932 1391 2066 qui
1408 1961 1469 2032 ex
1492 1963 1546 2032 ea
1565 1925 1739 2034 familia

810 2115 942 2190 natus
957 2091 1047 2210 est,
1061 2123 1122 2196 ex
1136 2089 1401 2228 quaissuit,
1419 2088 1497 2192 cui
1510 2091 1736 2228 originem

808 2241 934 2352 suam
965 2286 1020 2353 ac
1038 2257 1182 2355 vitam
1210 2255 1288 2356 hic
1305 2253 1422 2355 liber
1445 2253 1612 2356 debet?
1645 2255 1737 2356 Ac·

814 2414 942 2514 cedit
959 2413 1051 2512 huc
1070 2441 1151 2516 tua
1167 2413 1449 2515 incredibilis
1469 2403 1754 2520 humanitem

812 2605 918 2707 quae
943 2609 1321 2712 unumquemque
1337 2579 1398 2677 ad
1426 2573 1474 2678 se
1495 2580 1742 2680 amandum

816 2737 1160 2873 colendumque
1178 2738 1362 2854 allicit,
1398 2769 1506 2838 curn
1532 2731 1741 2875 fingulari

812 2903 1022 3019 virture,
1054 2897 1329 3034 summoque
1362 2895 1602 3028 splendore
1634 2899 1745 3000 vitae

815 3062 1068 3196 conjundla„
1108 3061 1331 3166 Vidimus
1347 3058 1432 3194 ipsi
1451 3059 1568 3192 saepe
1586 3091 1741 3160 coram

813 3225 871 3324 in
887 3221 1024 3324 Urbe
1041 3221 1127 3322 hac
1139 3218 1332 3350 Imperii
1348 3222 1549 3320 maxima
1559 3213 1742 3320 clarissi·

814 3413 986 3516 niaque
1003 3379 1055 3484 N
1059 3378 1338 3516 orimberga;
1359 3409 1499 3515 teque
1507 3381 1741 3487 videntes,

820 3542 970 3678 ipsum
987 3543 1342 3676 quodammodo
1361 3545 1529 3648 intueri
1556 3544 1739 3676 Regem

817 3703 1075 3805 maximum
1103 3701 1407 3822 videbamur,
1438 3713 1486 3806 δι
1514 3702 1743 3834 magnitu-

814 3866 939 3970 dinis
966 3859 1235 3996 Hispanicae
1263 3861 1450 3966 molem.
1513 3863 1649 3996 Qid
1674 3857 1740 3960 est

807 3989 944 4129 Nenim
965 4025 1166 4159 Legatus
1182 4023 1340 4142 alind,
1373 4057 1513 4160 quarn
1531 4035 1652 4126 os&
1671 4018 1742 4123 fa·

819 4192 913 4292 cies
931 4193 1029 4321 ejus
1036 4192 1096 4306 ‚d
1116 4223 1215 4324 quo
1232 4184 1385 4289 missus
1407 4185 1497 4306 est,
1516 4183 1740 4318 cujusque

815 4355 881 4456 ob
891 4352 941 4453 id
951 4347 1192 4484 personam
1210 4347 1423 4448 sustinere
1431 4343 1741 4447 existimatur?

816 4517 943 4616 Bene
970 4509 1261 4646 feliciterque
1277 4509 1427 4614 valeat
1445 4499 1739 4610 illustriffima

1573 4665 1741 4802 nign-
