<?xml version="1.0" encoding="UTF-8"?>
<!DOCTYPE html PUBLIC "-//W3C//DTD XHTML 1.0 Transitional//EN"
    "http://www.w3.org/TR/xhtml1/DTD/xhtml1-transitional.dtd">
<html xmlns="http://www.w3.org/1999/xhtml" xml:lang="en" lang="en">
 <head>
  <title>
</title>
<meta http-equiv="Content-Type" content="text/html;charset=utf-8" />
  <meta name='ocr-system' content='tesseract 3.04.00' />
  <meta name='ocr-capabilities' content='ocr_page ocr_carea ocr_par ocr_line ocrx_word'/>
</head>
<body>
  <div class='ocr_page' id='page_1' title='image "./hispanicaeadvoc02gentgoog_0206.png"; bbox 0 0 4352 5882; ppageno 0'>
   <div class='ocr_carea' id='block_1_1' title="bbox 734 971 1495 1090">
    <p class='ocr_par' dir='ltr' id='par_1_1' title="bbox 734 971 1495 1090">
     <span class='ocr_line' id='line_1_1' title="bbox 734 971 1495 1090; baseline -0.014 -21"><span class='ocrx_word' id='word_1_1' title='bbox 734 1013 806 1090; x_wconf 74' lang='lat'>¹42</span> <span class='ocrx_word' id='word_1_2' title='bbox 915 981 1180 1060; x_wconf 75' lang='lat' dir='ltr'>Atuttttct</span> <span class='ocrx_word' id='word_1_3' title='bbox 1203 971 1495 1058; x_wconf 75' lang='lat' dir='ltr'>Gtuttats</span> 
     </span>
    </p>
   </div>
   <div class='ocr_carea' id='block_1_2' title="bbox 593 1100 1670 3896">
    <p class='ocr_par' dir='ltr' id='par_1_2' title="bbox 593 1100 1670 3896">
     <span class='ocr_line' id='line_1_2' title="bbox 732 1100 1659 1204; baseline -0.01 -15"><span class='ocrx_word' id='word_1_4' title='bbox 732 1100 1303 1204; x_wconf 77' lang='lat' dir='ltr'>duceretuperiisdemarticulis,</span> <span class='ocrx_word' id='word_1_5' title='bbox 1326 1102 1386 1179; x_wconf 87' lang='lat' dir='ltr'>vel</span> <span class='ocrx_word' id='word_1_6' title='bbox 1405 1101 1548 1182; x_wconf 66' lang='lat' dir='ltr'>directo</span> <span class='ocrx_word' id='word_1_7' title='bbox 1565 1126 1659 1182; x_wconf 87' lang='lat' dir='ltr'><strong>con·</strong></span> 
     </span>
     <span class='ocr_line' id='line_1_3' title="bbox 733 1200 1661 1306; baseline -0.008 -20"><span class='ocrx_word' id='word_1_8' title='bbox 733 1211 862 1288; x_wconf 83' lang='lat' dir='ltr'>trariis.</span> <span class='ocrx_word' id='word_1_9' title='bbox 894 1206 980 1306; x_wconf 87' lang='lat' dir='ltr'>quia</span> <span class='ocrx_word' id='word_1_10' title='bbox 1011 1200 1221 1281; x_wconf 75' lang='lat' dir='ltr'>didicerunt</span> <span class='ocrx_word' id='word_1_11' title='bbox 1255 1201 1453 1284; x_wconf 83' lang='lat' dir='ltr'>testificata.</span> <span class='ocrx_word' id='word_1_12' title='bbox 1499 1202 1564 1281; x_wconf 83' lang='lat' dir='ltr'>Est</span> <span class='ocrx_word' id='word_1_13' title='bbox 1591 1205 1661 1280; x_wconf 88' lang='lat' dir='ltr'>alia</span> 
     </span>
     <span class='ocr_line' id='line_1_4' title="bbox 764 1301 1660 1403; baseline -0.004 -19"><span class='ocrx_word' id='word_1_14' title='bbox 764 1307 915 1394; x_wconf 80' lang='lat' dir='ltr'>uaestio,</span> <span class='ocrx_word' id='word_1_15' title='bbox 936 1303 1148 1396; x_wconf 85' lang='lat' dir='ltr'>anvetbutn</span> <span class='ocrx_word' id='word_1_16' title='bbox 1186 1301 1455 1381; x_wconf 68' lang='lat' dir='ltr'>radamanti</span> <span class='ocrx_word' id='word_1_17' title='bbox 1501 1303 1660 1403; x_wconf 87' lang='lat' dir='ltr'>esupra·</span> 
     </span>
     <span class='ocr_line' id='line_1_5' title="bbox 732 1321 1659 1506; baseline -0.005 -21"><span class='ocrx_word' id='word_1_18' title='bbox 732 1331 837 1486; x_wconf 57' lang='lat' dir='ltr'>diua</span> <span class='ocrx_word' id='word_1_19' title='bbox 858 1402 1037 1506; x_wconf 81' lang='lat' dir='ltr'>fignificat</span> <span class='ocrx_word' id='word_1_20' title='bbox 1074 1321 1333 1481; x_wconf 67' lang='lat' dir='ltr'>revefationetn</span> <span class='ocrx_word' id='word_1_21' title='bbox 1353 1427 1362 1478; x_wconf 77' lang='grc' dir='ltr'><strong><em>ε</em></strong></span> <span class='ocrx_word' id='word_1_22' title='bbox 1386 1427 1436 1504; x_wconf 90' lang='lat' dir='ltr'>qu</span> <span class='ocrx_word' id='word_1_23' title='bbox 1512 1402 1659 1481; x_wconf 87' lang='lat' dir='ltr'>Cervo-</span> 
     </span>
     <span class='ocr_line' id='line_1_6' title="bbox 735 1501 1660 1607; baseline -0.003 -23"><span class='ocrx_word' id='word_1_24' title='bbox 735 1527 797 1586; x_wconf 84' lang='lat' dir='ltr'>tus</span> <span class='ocrx_word' id='word_1_25' title='bbox 813 1509 856 1586; x_wconf 78' lang='lat' dir='ltr'>dc</span> <span class='ocrx_word' id='word_1_26' title='bbox 869 1506 931 1582; x_wconf 83' lang='lat' dir='ltr'>alii</span> <span class='ocrx_word' id='word_1_27' title='bbox 946 1503 1068 1607; x_wconf 79' lang='lat' dir='ltr'>plures</span> <span class='ocrx_word' id='word_1_28' title='bbox 1084 1503 1306 1596; x_wconf 89' lang='lat' dir='ltr'>voluerunt,</span> <span class='ocrx_word' id='word_1_29' title='bbox 1330 1505 1373 1582; x_wconf 72' lang='grc' dir='ltr'>δι</span> <span class='ocrx_word' id='word_1_30' title='bbox 1388 1507 1482 1596; x_wconf 84' lang='lat' dir='ltr'>alia,</span> <span class='ocrx_word' id='word_1_31' title='bbox 1504 1529 1551 1581; x_wconf 87' lang='lat' dir='ltr'>an</span> <span class='ocrx_word' id='word_1_32' title='bbox 1567 1501 1660 1581; x_wconf 78' lang='lat' dir='ltr'>fider</span> 
     </span>
     <span class='ocr_line' id='line_1_7' title="bbox 734 1603 1661 1706; baseline -0.004 -20"><span class='ocrx_word' id='word_1_33' title='bbox 734 1608 793 1686; x_wconf 83' lang='lat' dir='ltr'>his</span> <span class='ocrx_word' id='word_1_34' title='bbox 803 1604 1046 1685; x_wconf 87' lang='lat' dir='ltr'>revelantibus</span> <span class='ocrx_word' id='word_1_35' title='bbox 1063 1605 1250 1682; x_wconf 88' lang='lat' dir='ltr'>minuatur</span> <span class='ocrx_word' id='word_1_36' title='bbox 1265 1603 1435 1682; x_wconf 77' lang='lat' dir='ltr'>testibus:</span> <span class='ocrx_word' id='word_1_37' title='bbox 1462 1604 1562 1706; x_wconf 91' lang='lat' dir='ltr'>quod</span> <span class='ocrx_word' id='word_1_38' title='bbox 1582 1627 1661 1682; x_wconf 86' lang='lat' dir='ltr'>nou</span> 
     </span>
     <span class='ocr_line' id='line_1_8' title="bbox 735 1701 1661 1806; baseline -0.005 -20"><span class='ocrx_word' id='word_1_39' title='bbox 735 1707 889 1797; x_wconf 87' lang='lat' dir='ltr'>dicunt,</span> <span class='ocrx_word' id='word_1_40' title='bbox 911 1702 981 1780; x_wconf 83' lang='lat' dir='ltr'>niss</span> <span class='ocrx_word' id='word_1_41' title='bbox 996 1701 1026 1781; x_wconf 92' lang='lat' dir='ltr'>F</span> <span class='ocrx_word' id='word_1_42' title='bbox 1028 1702 1188 1804; x_wconf 83' lang='lat' dir='ltr'>uigosrus</span> <span class='ocrx_word' id='word_1_43' title='bbox 1205 1705 1246 1781; x_wconf 78' lang='grc' dir='ltr'>δι</span> <span class='ocrx_word' id='word_1_44' title='bbox 1263 1705 1464 1785; x_wconf 85' lang='lat' dir='ltr'>Albericus.</span> <span class='ocrx_word' id='word_1_45' title='bbox 1518 1705 1581 1784; x_wconf 91' lang='lat' dir='ltr'>De</span> <span class='ocrx_word' id='word_1_46' title='bbox 1589 1729 1661 1806; x_wconf 91' lang='lat' dir='ltr'>pu·</span> 
     </span>
     <span class='ocr_line' id='line_1_9' title="bbox 735 1802 1661 1904; baseline -0.003 -19"><span class='ocrx_word' id='word_1_47' title='bbox 735 1806 881 1885; x_wconf 84' lang='lat' dir='ltr'>niendis</span> <span class='ocrx_word' id='word_1_48' title='bbox 896 1805 953 1880; x_wconf 85' lang='lat' dir='ltr'>his</span> <span class='ocrx_word' id='word_1_49' title='bbox 972 1802 1120 1881; x_wconf 89' lang='lat' dir='ltr'>testibus</span> <span class='ocrx_word' id='word_1_50' title='bbox 1147 1803 1309 1904; x_wconf 89' lang='lat' dir='ltr'>loquitur</span> <span class='ocrx_word' id='word_1_51' title='bbox 1335 1807 1392 1882; x_wconf 86' lang='lat' dir='ltr'>lex</span> <span class='ocrx_word' id='word_1_52' title='bbox 1407 1808 1495 1896; x_wconf 81' lang='lat' dir='ltr'>ilia,</span> <span class='ocrx_word' id='word_1_53' title='bbox 1519 1829 1596 1883; x_wconf 88' lang='lat' dir='ltr'>non</span> <span class='ocrx_word' id='word_1_54' title='bbox 1613 1805 1661 1882; x_wconf 86' lang='lat' dir='ltr'>de</span> 
     </span>
     <span class='ocr_line' id='line_1_10' title="bbox 735 1903 1662 2007; baseline -0.001 -22"><span class='ocrx_word' id='word_1_55' title='bbox 735 1905 954 1986; x_wconf 84' lang='lat' dir='ltr'>testiinoniis</span> <span class='ocrx_word' id='word_1_56' title='bbox 980 1903 1219 1982; x_wconf 83' lang='lat' dir='ltr'>infirmandis.</span> <span class='ocrx_word' id='word_1_57' title='bbox 1265 1905 1388 1982; x_wconf 83' lang='lat' dir='ltr'>Etiam</span> <span class='ocrx_word' id='word_1_58' title='bbox 1414 1903 1569 2007; x_wconf 77' lang='lat' dir='ltr'>quaestio</span> <span class='ocrx_word' id='word_1_59' title='bbox 1591 1906 1662 1984; x_wconf 84' lang='lat' dir='ltr'>alia</span> 
     </span>
     <span class='ocr_line' id='line_1_11' title="bbox 736 2002 1660 2098; baseline 0 -12"><span class='ocrx_word' id='word_1_60' title='bbox 736 2008 814 2098; x_wconf 84' lang='lat' dir='ltr'>est,</span> <span class='ocrx_word' id='word_1_61' title='bbox 839 2004 1047 2083; x_wconf 84' lang='lat' dir='ltr'>intestibus</span> <span class='ocrx_word' id='word_1_62' title='bbox 1068 2005 1308 2083; x_wconf 84' lang='lat' dir='ltr'>revelantibus</span> <span class='ocrx_word' id='word_1_63' title='bbox 1332 2002 1451 2098; x_wconf 76' lang='lat' dir='ltr'>diua,</span> <span class='ocrx_word' id='word_1_64' title='bbox 1476 2007 1518 2084; x_wconf 73' lang='grc' dir='ltr'>δι</span> <span class='ocrx_word' id='word_1_65' title='bbox 1534 2007 1602 2083; x_wconf 86' lang='lat' dir='ltr'>alia</span> <span class='ocrx_word' id='word_1_66' title='bbox 1619 2010 1660 2086; x_wconf 86' lang='lat' dir='ltr'>in</span> 
     </span>
     <span class='ocr_line' id='line_1_12' title="bbox 737 2103 1662 2210; baseline 0 -24"><span class='ocrx_word' id='word_1_67' title='bbox 737 2105 1020 2210; x_wconf 81' lang='lat' dir='ltr'>praedicentibus</span> <span class='ocrx_word' id='word_1_68' title='bbox 1038 2104 1200 2182; x_wconf 87' lang='lat' dir='ltr'>dicenda.</span> <span class='ocrx_word' id='word_1_69' title='bbox 1247 2103 1347 2184; x_wconf 85' lang='lat' dir='ltr'>Haec</span> <span class='ocrx_word' id='word_1_70' title='bbox 1363 2106 1514 2208; x_wconf 85' lang='lat' dir='ltr'>quaestio</span> <span class='ocrx_word' id='word_1_71' title='bbox 1540 2107 1662 2186; x_wconf 87' lang='lat' dir='ltr'>nostra</span> 
     </span>
     <span class='ocr_line' id='line_1_13' title="bbox 737 2203 1661 2307; baseline -0.001 -20"><span class='ocrx_word' id='word_1_72' title='bbox 737 2207 813 2301; x_wconf 87' lang='lat' dir='ltr'>est,</span> <span class='ocrx_word' id='word_1_73' title='bbox 839 2203 1164 2305; x_wconf 86' lang='lat' dir='ltr'>inquanecvlium</span> <span class='ocrx_word' id='word_1_74' title='bbox 1182 2204 1381 2298; x_wconf 83' lang='lat' dir='ltr'>habemus,</span> <span class='ocrx_word' id='word_1_75' title='bbox 1405 2204 1661 2307; x_wconf 83' lang='lat' dir='ltr'>quemsciam,</span> 
     </span>
     <span class='ocr_line' id='line_1_14' title="bbox 740 2303 1663 2394; baseline -0.003 -7"><span class='ocrx_word' id='word_1_76' title='bbox 740 2305 1077 2394; x_wconf 82' lang='lat' dir='ltr'>contradicentem,</span> <span class='ocrx_word' id='word_1_77' title='bbox 1102 2305 1280 2382; x_wconf 85' lang='lat' dir='ltr'>habemus</span> <span class='ocrx_word' id='word_1_78' title='bbox 1297 2303 1487 2386; x_wconf 84' lang='lat' dir='ltr'>nobiscum</span> <span class='ocrx_word' id='word_1_79' title='bbox 1510 2307 1591 2388; x_wconf 85' lang='lat' dir='ltr'>illos</span> <span class='ocrx_word' id='word_1_80' title='bbox 1616 2331 1663 2384; x_wconf 87' lang='lat' dir='ltr'>o·</span> 
     </span>
     <span class='ocr_line' id='line_1_15' title="bbox 741 2405 1665 2506; baseline 0 -21"><span class='ocrx_word' id='word_1_81' title='bbox 741 2433 872 2498; x_wconf 81' lang='lat' dir='ltr'>muer,</span> <span class='ocrx_word' id='word_1_82' title='bbox 899 2407 1018 2506; x_wconf 89' lang='lat' dir='ltr'>quiin</span> <span class='ocrx_word' id='word_1_83' title='bbox 1037 2405 1146 2484; x_wconf 84' lang='lat' dir='ltr'>altera</span> <span class='ocrx_word' id='word_1_84' title='bbox 1162 2405 1365 2506; x_wconf 73' lang='lat' dir='ltr'>quastione</span> <span class='ocrx_word' id='word_1_85' title='bbox 1379 2427 1537 2500; x_wconf 86' lang='lat' dir='ltr'>tenent,</span> <span class='ocrx_word' id='word_1_86' title='bbox 1560 2433 1665 2485; x_wconf 87' lang='lat' dir='ltr'>reve-</span> 
     </span>
     <span class='ocr_line' id='line_1_16' title="bbox 741 2505 1661 2586; baseline -0.001 0"><span class='ocrx_word' id='word_1_87' title='bbox 741 2510 918 2586; x_wconf 80' lang='lat' dir='ltr'><strong>lationem</strong></span> <span class='ocrx_word' id='word_1_88' title='bbox 935 2505 1042 2582; x_wconf 75' lang='lat' dir='ltr'>druis</span> <span class='ocrx_word' id='word_1_89' title='bbox 1062 2507 1277 2583; x_wconf 81' lang='lat' dir='ltr'>testimoniis</span> <span class='ocrx_word' id='word_1_90' title='bbox 1292 2531 1370 2583; x_wconf 88' lang='lat' dir='ltr'>nou</span> <span class='ocrx_word' id='word_1_91' title='bbox 1386 2507 1521 2585; x_wconf 83' lang='lat' dir='ltr'>obeffe.</span> <span class='ocrx_word' id='word_1_92' title='bbox 1577 2509 1661 2586; x_wconf 86' lang='lat' dir='ltr'>Ha·</span> 
     </span>
     <span class='ocr_line' id='line_1_17' title="bbox 738 2602 1662 2711; baseline 0.001 -24"><span class='ocrx_word' id='word_1_93' title='bbox 738 2611 876 2687; x_wconf 82' lang='lat' dir='ltr'>bemus</span> <span class='ocrx_word' id='word_1_94' title='bbox 894 2602 1025 2684; x_wconf 83' lang='lat' dir='ltr'>diserte</span> <span class='ocrx_word' id='word_1_95' title='bbox 1040 2605 1075 2684; x_wconf 88' lang='lat' dir='ltr'>d.</span> <span class='ocrx_word' id='word_1_96' title='bbox 1095 2605 1368 2684; x_wconf 83' lang='lat' dir='ltr'>Hartmannum</span> <span class='ocrx_word' id='word_1_97' title='bbox 1395 2605 1662 2711; x_wconf 68' lang='lat' dir='ltr'>&amp;Saiycetum</span> 
     </span>
     <span class='ocr_line' id='line_1_18' title="bbox 599 2706 1665 2815; baseline -0.001 -29"><span class='ocrx_word' id='word_1_98' title='bbox 599 2751 738 2815; x_wconf 61' lang='lat' dir='ltr'>„m</span> <span class='ocrx_word' id='word_1_99' title='bbox 747 2708 763 2764; x_wconf 82' lang='lat' dir='ltr'><strong>s</strong></span> <span class='ocrx_word' id='word_1_100' title='bbox 766 2708 838 2787; x_wconf 87' lang='lat' dir='ltr'>Sed</span> <span class='ocrx_word' id='word_1_101' title='bbox 849 2710 890 2786; x_wconf 69' lang='grc' dir='ltr'><strong>ἃ</strong></span> <span class='ocrx_word' id='word_1_102' title='bbox 907 2706 1207 2785; x_wconf 84' lang='lat' dir='ltr'>Panormitanum</span> <span class='ocrx_word' id='word_1_103' title='bbox 1220 2708 1261 2784; x_wconf 76' lang='lat' dir='ltr'>dt</span> <span class='ocrx_word' id='word_1_104' title='bbox 1276 2707 1476 2807; x_wconf 84' lang='lat' dir='ltr'>Felynum:</span> <span class='ocrx_word' id='word_1_105' title='bbox 1500 2712 1563 2812; x_wconf 89' lang='lat' dir='ltr'>qui</span> <span class='ocrx_word' id='word_1_106' title='bbox 1580 2709 1665 2787; x_wconf 85' lang='lat' dir='ltr'>scri·</span> 
     </span>
     <span class='ocr_line' id='line_1_19' title="bbox 594 2807 1667 2898; baseline 0.001 -12"><span class='ocrx_word' id='word_1_107' title='bbox 594 2846 624 2886; x_wconf 63' lang='lat' dir='ltr'>a</span> <span class='ocrx_word' id='word_1_108' title='bbox 640 2831 735 2896; x_wconf 69' lang='lat' dir='ltr'>accep.</span> <span class='ocrx_word' id='word_1_109' title='bbox 747 2810 838 2888; x_wconf 89' lang='lat' dir='ltr'>bunt</span> <span class='ocrx_word' id='word_1_110' title='bbox 855 2807 1007 2898; x_wconf 83' lang='lat' dir='ltr'>diserte,</span> <span class='ocrx_word' id='word_1_111' title='bbox 1033 2831 1112 2886; x_wconf 86' lang='lat' dir='ltr'>non</span> <span class='ocrx_word' id='word_1_112' title='bbox 1139 2808 1256 2884; x_wconf 88' lang='lat' dir='ltr'>vitiari</span> <span class='ocrx_word' id='word_1_113' title='bbox 1280 2808 1532 2887; x_wconf 85' lang='lat' dir='ltr'>testimonium</span> <span class='ocrx_word' id='word_1_114' title='bbox 1551 2810 1667 2887; x_wconf 90' lang='lat' dir='ltr'>alicu·</span> 
     </span>
     <span class='ocr_line' id='line_1_20' title="bbox 593 2901 1667 3035; baseline 0.001 -49"><span class='ocrx_word' id='word_1_115' title='bbox 593 2901 823 3035; x_wconf 47' lang='lat' dir='ltr'>mufdffijus,</span> <span class='ocrx_word' id='word_1_116' title='bbox 847 2908 872 2984; x_wconf 86' lang='lat' dir='ltr'>st</span> <span class='ocrx_word' id='word_1_117' title='bbox 893 2908 988 3008; x_wconf 86' lang='lat' dir='ltr'>prius</span> <span class='ocrx_word' id='word_1_118' title='bbox 1008 2911 1047 2985; x_wconf 87' lang='lat' dir='ltr'>in</span> <span class='ocrx_word' id='word_1_119' title='bbox 1063 2907 1249 3010; x_wconf 70' lang='lat' dir='ltr'>prasentia</span> <span class='ocrx_word' id='word_1_120' title='bbox 1265 2911 1373 3006; x_wconf 86' lang='lat' dir='ltr'>partis</span> <span class='ocrx_word' id='word_1_121' title='bbox 1392 2908 1506 3000; x_wconf 85' lang='lat' dir='ltr'>dixit,</span> <span class='ocrx_word' id='word_1_122' title='bbox 1530 2910 1667 3010; x_wconf 87' lang='lat' dir='ltr'>quide·</span> 
     </span>
     <span class='ocr_line' id='line_1_21' title="bbox 614 2989 1667 3110; baseline -0.002 -20"><span class='ocrx_word' id='word_1_123' title='bbox 614 3007 621 3034; x_wconf 74' lang='lat'><strong>⁴</strong></span> <span class='ocrx_word' id='word_1_124' title='bbox 643 2997 662 3033; x_wconf 80' lang='lat'>&#39;¹</span> <span class='ocrx_word' id='word_1_125' title='bbox 674 2989 694 3032; x_wconf 73' lang='lat'>&#39;⁰</span> <span class='ocrx_word' id='word_1_126' title='bbox 713 3093 721 3110; x_wconf 65' lang='grc'>,</span> <span class='ocrx_word' id='word_1_127' title='bbox 748 3032 801 3090; x_wconf 87' lang='lat' dir='ltr'>rat</span> <span class='ocrx_word' id='word_1_128' title='bbox 817 3009 978 3088; x_wconf 74' lang='lat' dir='ltr'>didturus</span> <span class='ocrx_word' id='word_1_129' title='bbox 999 3011 1038 3086; x_wconf 88' lang='lat' dir='ltr'>in</span> <span class='ocrx_word' id='word_1_130' title='bbox 1053 3009 1219 3103; x_wconf 87' lang='lat' dir='ltr'>judicio:</span> <span class='ocrx_word' id='word_1_131' title='bbox 1245 3010 1324 3085; x_wconf 89' lang='lat' dir='ltr'>imo</span> <span class='ocrx_word' id='word_1_132' title='bbox 1341 3007 1412 3086; x_wconf 85' lang='lat' dir='ltr'>eiie</span> <span class='ocrx_word' id='word_1_133' title='bbox 1428 3012 1606 3089; x_wconf 80' lang='lat' dir='ltr'>cautelam</span> <span class='ocrx_word' id='word_1_134' title='bbox 1623 3027 1667 3088; x_wconf 91' lang='lat' dir='ltr'>ut</span> 
     </span>
     <span class='ocr_line' id='line_1_22' title="bbox 748 3108 1668 3209; baseline -0.001 -22"><span class='ocrx_word' id='word_1_135' title='bbox 748 3111 940 3187; x_wconf 83' lang='lat' dir='ltr'>inducatur</span> <span class='ocrx_word' id='word_1_136' title='bbox 956 3109 1000 3184; x_wconf 90' lang='lat' dir='ltr'>ad</span> <span class='ocrx_word' id='word_1_137' title='bbox 1012 3111 1110 3209; x_wconf 85' lang='lat' dir='ltr'>prius</span> <span class='ocrx_word' id='word_1_138' title='bbox 1125 3108 1345 3205; x_wconf 66' lang='lat' dir='ltr'>dicendum</span> <span class='ocrx_word' id='word_1_139' title='bbox 1375 3133 1423 3186; x_wconf 87' lang='lat' dir='ltr'>ne</span> <span class='ocrx_word' id='word_1_140' title='bbox 1442 3112 1572 3187; x_wconf 85' lang='lat' dir='ltr'>habeat</span> <span class='ocrx_word' id='word_1_141' title='bbox 1589 3135 1668 3186; x_wconf 86' lang='lat' dir='ltr'>ma·</span> 
     </span>
     <span class='ocr_line' id='line_1_23' title="bbox 598 3204 1668 3307; baseline -0.004 -15"><span class='ocrx_word' id='word_1_142' title='bbox 598 3240 734 3302; x_wconf 60' lang='lat' dir='ltr'>meat.</span> <span class='ocrx_word' id='word_1_143' title='bbox 749 3214 875 3289; x_wconf 87' lang='lat' dir='ltr'>teriam</span> <span class='ocrx_word' id='word_1_144' title='bbox 909 3209 1080 3286; x_wconf 85' lang='lat' dir='ltr'>variandi.</span> <span class='ocrx_word' id='word_1_145' title='bbox 1140 3204 1277 3307; x_wconf 80' lang='lat' dir='ltr'>‘Quae·</span> <span class='ocrx_word' id='word_1_146' title='bbox 1307 3209 1478 3288; x_wconf 80' lang='lat' dir='ltr'>notabilia</span> <span class='ocrx_word' id='word_1_147' title='bbox 1508 3211 1668 3287; x_wconf 85' lang='lat' dir='ltr'>theorica</span> 
     </span>
     <span class='ocr_line' id='line_1_24' title="bbox 596 3307 1664 3409; baseline -0.004 -19"><span class='ocrx_word' id='word_1_148' title='bbox 596 3331 647 3390; x_wconf 82' lang='lat'>⁸7·</span> <span class='ocrx_word' id='word_1_149' title='bbox 669 3316 703 3372; x_wconf 76' lang='lat' dir='ltr'>te</span> <span class='ocrx_word' id='word_1_150' title='bbox 750 3308 944 3390; x_wconf 82' lang='lat' dir='ltr'>Bartolisrt.</span> <span class='ocrx_word' id='word_1_151' title='bbox 993 3307 1073 3386; x_wconf 73' lang='lat' dir='ltr'>uAd</span> <span class='ocrx_word' id='word_1_152' title='bbox 1083 3333 1191 3409; x_wconf 85' lang='lat' dir='ltr'>quam</span> <span class='ocrx_word' id='word_1_153' title='bbox 1201 3311 1399 3392; x_wconf 85' lang='lat' dir='ltr'>theoricam</span> <span class='ocrx_word' id='word_1_154' title='bbox 1409 3327 1579 3387; x_wconf 87' lang='lat' dir='ltr'>notemus</span> <span class='ocrx_word' id='word_1_155' title='bbox 1589 3311 1664 3398; x_wconf 81' lang='lat' dir='ltr'>hie,</span> 
     </span>
     <span class='ocr_line' id='line_1_25' title="bbox 597 3389 1669 3538; baseline -0.006 -46"><span class='ocrx_word' id='word_1_156' title='bbox 597 3389 712 3538; x_wconf 54' lang='lat'>51⁴2„</span> <span class='ocrx_word' id='word_1_157' title='bbox 749 3415 849 3511; x_wconf 79' lang='lat' dir='ltr'>quor</span> <span class='ocrx_word' id='word_1_158' title='bbox 872 3407 935 3487; x_wconf 75' lang='lat' dir='ltr'>eta</span> <span class='ocrx_word' id='word_1_159' title='bbox 962 3410 1104 3487; x_wconf 68' lang='lat' dir='ltr'>vitetur</span> <span class='ocrx_word' id='word_1_160' title='bbox 1119 3409 1179 3485; x_wconf 71' lang='lat'>1112</span> <span class='ocrx_word' id='word_1_161' title='bbox 1206 3410 1405 3509; x_wconf 75' lang='lat' dir='ltr'>aptaribus</span> <span class='ocrx_word' id='word_1_162' title='bbox 1429 3412 1613 3508; x_wconf 83' lang='lat' dir='ltr'>reprobari</span> <span class='ocrx_word' id='word_1_163' title='bbox 1627 3412 1669 3486; x_wconf 77' lang='lat' dir='ltr'>tn</span> 
     </span>
     <span class='ocr_line' id='line_1_26' title="bbox 600 3504 1670 3610; baseline -0.002 -20"><span class='ocrx_word' id='word_1_164' title='bbox 600 3504 874 3610; x_wconf 46' lang='lat' dir='ltr'>memineo,</span> <span class='ocrx_word' id='word_1_165' title='bbox 890 3509 1108 3610; x_wconf 85' lang='lat' dir='ltr'>quodhabet</span> <span class='ocrx_word' id='word_1_166' title='bbox 1130 3511 1176 3585; x_wconf 89' lang='lat' dir='ltr'>de</span> <span class='ocrx_word' id='word_1_167' title='bbox 1201 3511 1389 3607; x_wconf 87' lang='lat' dir='ltr'>puniendo</span> <span class='ocrx_word' id='word_1_168' title='bbox 1410 3509 1499 3587; x_wconf 87' lang='lat' dir='ltr'>teste</span> <span class='ocrx_word' id='word_1_169' title='bbox 1508 3512 1670 3588; x_wconf 83' lang='lat' dir='ltr'>variante</span> 
     </span>
     <span class='ocr_line' id='line_1_27' title="bbox 602 3609 1669 3714; baseline -0.003 -26"><span class='ocrx_word' id='word_1_170' title='bbox 602 3609 966 3714; x_wconf 59' lang='lat' dir='ltr'>‹atenupoenafatsrz</span> <span class='ocrx_word' id='word_1_171' title='bbox 990 3630 1113 3686; x_wconf 87' lang='lat' dir='ltr'>tamen</span> <span class='ocrx_word' id='word_1_172' title='bbox 1128 3628 1270 3702; x_wconf 84' lang='lat' dir='ltr'>tenetur</span> <span class='ocrx_word' id='word_1_173' title='bbox 1288 3613 1327 3686; x_wconf 90' lang='lat' dir='ltr'>in</span> <span class='ocrx_word' id='word_1_174' title='bbox 1341 3611 1411 3685; x_wconf 87' lang='lat' dir='ltr'>hoc</span> <span class='ocrx_word' id='word_1_175' title='bbox 1426 3611 1471 3685; x_wconf 92' lang='lat' dir='ltr'>ab</span> <span class='ocrx_word' id='word_1_176' title='bbox 1480 3611 1669 3700; x_wconf 85' lang='lat' dir='ltr'>omnibus,</span> 
     </span>
     <span class='ocr_line' id='line_1_28' title="bbox 602 3693 1670 3889; baseline 0 -103"><span class='ocrx_word' id='word_1_177' title='bbox 602 3693 704 3846; x_wconf 45' lang='grc' dir='ltr'>ᾖξ’·</span> <span class='ocrx_word' id='word_1_178' title='bbox 751 3711 853 3889; x_wconf 49' lang='lat' dir='ltr'>qugd</span> <span class='ocrx_word' id='word_1_179' title='bbox 869 3712 937 3825; x_wconf 36' lang='lat' dir='ltr'>illa·</span> <span class='ocrx_word' id='word_1_180' title='bbox 943 3707 1133 3811; x_wconf 70' lang='lat' dir='ltr'>praedictio</span> <span class='ocrx_word' id='word_1_181' title='bbox 1141 3710 1193 3786; x_wconf 88' lang='lat' dir='ltr'>est</span> <span class='ocrx_word' id='word_1_182' title='bbox 1210 3713 1351 3796; x_wconf 84' lang='lat' dir='ltr'>cautio,</span> <span class='ocrx_word' id='word_1_183' title='bbox 1376 3731 1454 3787; x_wconf 87' lang='lat' dir='ltr'>uun</span> <span class='ocrx_word' id='word_1_184' title='bbox 1470 3708 1670 3788; x_wconf 75' lang='lat' dir='ltr'>destrudiio</span> 
     </span>
     <span class='ocr_line' id='line_1_29' title="bbox 749 3831 1060 3896; baseline -0.045 1"><span class='ocrx_word' id='word_1_185' title='bbox 749 3831 792 3896; x_wconf 79' lang='lat' dir='ltr'>te</span> <span class='ocrx_word' id='word_1_186' title='bbox 823 3833 1060 3889; x_wconf 77' lang='lat' dir='ltr'>antoniorum.</span> 
     </span>
    </p>
   </div>
   <div class='ocr_carea' id='block_1_3' title="bbox 594 2997 709 3130">
    <p class='ocr_par' dir='ltr' id='par_1_3' title="bbox 594 2997 709 3130">
     <span class='ocr_line' id='line_1_30' title="bbox 594 2997 709 3130; baseline -0.035 -19"><span class='ocrx_word' id='word_1_187' title='bbox 594 2997 709 3130; x_wconf 63' lang='lat' dir='ltr'>:astirrg</span> 
     </span>
    </p>
   </div>
   <div class='ocr_carea' id='block_1_4' title="bbox 1041 4107 1376 4188">
    <p class='ocr_par' dir='ltr' id='par_1_4' title="bbox 1041 4107 1376 4188">
     <span class='ocr_line' id='line_1_31' title="bbox 1041 4107 1376 4188; baseline -0.009 0"><span class='ocrx_word' id='word_1_188' title='bbox 1041 4107 1277 4188; x_wconf 65' lang='lat' dir='ltr'>citu-r</span> <span class='ocrx_word' id='word_1_189' title='bbox 1327 4107 1376 4185; x_wconf 91' lang='lat' dir='ltr'>V.</span> 
     </span>
    </p>
   </div>
   <div class='ocr_carea' id='block_1_5' title="bbox 958 4283 1475 4415">
    <p class='ocr_par' dir='ltr' id='par_1_5' title="bbox 958 4283 1475 4415">
     <span class='ocr_line' id='line_1_32' title="bbox 958 4283 1475 4415; baseline -0.004 -31"><span class='ocrx_word' id='word_1_190' title='bbox 958 4301 1023 4385; x_wconf 86' lang='lat' dir='ltr'>De</span> <span class='ocrx_word' id='word_1_191' title='bbox 1044 4283 1215 4415; x_wconf 81' lang='lat' dir='ltr'>testibus</span> <span class='ocrx_word' id='word_1_192' title='bbox 1233 4285 1475 4410; x_wconf 73' lang='lat' dir='ltr'>criminofis.</span> 
     </span>
    </p>
   </div>
   <div class='ocr_carea' id='block_1_6' title="bbox 612 4516 1672 4727">
    <p class='ocr_par' dir='ltr' id='par_1_6' title="bbox 612 4516 1672 4727">
     <span class='ocr_line' id='line_1_33' title="bbox 617 4516 1672 4628; baseline -0.009 -21"><span class='ocrx_word' id='word_1_193' title='bbox 617 4585 640 4624; x_wconf 62' lang='lat'>¹,</span> <span class='ocrx_word' id='word_1_194' title='bbox 666 4571 712 4626; x_wconf 53' lang='lat' dir='ltr'>m,</span> <span class='ocrx_word' id='word_1_195' title='bbox 731 4572 752 4628; x_wconf 62' lang='lat'><em>6</em></span> <span class='ocrx_word' id='word_1_196' title='bbox 921 4521 1135 4600; x_wconf 84' lang='lat' dir='ltr'>criminibus</span> <span class='ocrx_word' id='word_1_197' title='bbox 1153 4519 1305 4598; x_wconf 87' lang='lat' dir='ltr'>admitti·</span> <span class='ocrx_word' id='word_1_198' title='bbox 1318 4518 1427 4596; x_wconf 87' lang='lat' dir='ltr'>testes</span> <span class='ocrx_word' id='word_1_199' title='bbox 1444 4516 1672 4602; x_wconf 83' lang='lat' dir='ltr'>criminosos.</span> 
     </span>
     <span class='ocr_line' id='line_1_34' title="bbox 612 4611 1672 4727; baseline -0.012 -24"><span class='ocrx_word' id='word_1_200' title='bbox 612 4641 642 4717; x_wconf 76' lang='lat'>§-</span> <span class='ocrx_word' id='word_1_201' title='bbox 665 4657 707 4702; x_wconf 76' lang='grc' dir='ltr'>ιο.</span> <span class='ocrx_word' id='word_1_202' title='bbox 808 4619 953 4700; x_wconf 86' lang='lat' dir='ltr'>censent</span> <span class='ocrx_word' id='word_1_203' title='bbox 962 4618 1315 4727; x_wconf 83' lang='lat' dir='ltr'>Graeciiuterpretet.</span> <span class='ocrx_word' id='word_1_204' title='bbox 1323 4611 1672 4722; x_wconf 59' lang='lat' dir='ltr'>iniwpdpmtm&#39;am</span> 
     </span>
    </p>
   </div>
   <div class='ocr_carea' id='block_1_7' title="bbox 1592 4749 1674 4817">
    <p class='ocr_par' dir='ltr' id='par_1_7' title="bbox 1592 4749 1674 4817">
     <span class='ocr_line' id='line_1_35' title="bbox 1592 4749 1674 4817; baseline 0.012 -1"><span class='ocrx_word' id='word_1_205' title='bbox 1592 4749 1674 4817; x_wconf 67' lang='grc' dir='ltr'>Μ·</span> 
     </span>
    </p>
   </div>
   <div class='ocr_carea' id='block_1_8' title="bbox 0 0 2203 5879">
    <p class='ocr_par' dir='ltr' id='par_1_8' title="bbox 0 0 2203 5879">
     <span class='ocr_line' id='line_1_36' title="bbox 0 0 2203 5879; baseline 0 0"><span class='ocrx_word' id='word_1_206' title='bbox 0 0 2203 5879; x_wconf 95' lang='lat' dir='ltr'> </span> 
     </span>
    </p>
   </div>
  </div>
 </body>
</html>
