4424 5888
786 934 859 1016 ²4²
958 910 1218 1028 Anstnrcr
1244 914 1511 998 Gnunrnts

785 1037 1083 1143 turdrseeptatio,
1105 1043 1206 1146 quod
1216 1040 1315 1119 nulla
1326 1041 1368 1120 sit
1378 1041 1603 1133 conventio,
1626 1062 1715 1122 cum

788 1137 841 1218 est
861 1163 1117 1234 conventum,
1140 1163 1181 1218 ut
1198 1142 1428 1222 adhiberetur
1444 1142 1625 1220 Notarius
1632 1189 1647 1231 ,
1672 1141 1716 1220 &

643 1275 661 1319 e
678 1257 699 1314 t
717 1273 776 1314 en·
790 1241 889 1320 huet
899 1240 1091 1341 scriptura,
1114 1243 1471 1335 &tristrumentum,
1495 1240 1717 1341 ‘srscriptm

642 1333 899 1420 “Mutant
908 1341 1189 1421 instrumentum
1203 1367 1280 1420 non
1290 1343 1550 1438 intervenerit3
1565 1339 1625 1420 res
1646 1363 1718 1420 on-

643 1407 856 1520 *fi'fl'det
873 1441 1093 1534 Decianus,
1115 1445 1216 1546 loqur
1242 1445 1394 1545 segem,
1426 1443 1469 1522 δι
1494 1465 1603 1545 proce
1629 1462 1717 1532 ere,

788 1542 938 1644 quando
961 1539 1086 1620 aslum
1104 1543 1158 1622 est
1185 1566 1278 1621 inter
1292 1563 1408 1644 partes
1426 1597 1439 1636 ,
1460 1562 1502 1622 ut
1521 1564 1600 1619 non
1616 1541 1716 1618 aliter

789 1645 905 1722 valeat
932 1640 1174 1734 contradus,
1205 1641 1273 1720 nrsr
1306 1642 1475 1744 scriptura
1508 1640 1604 1720 frua
1627 1665 1636 1719 ε
1657 1639 1717 1718 vel

790 1741 941 1844 quando
956 1747 1208 1822 contrahentes
1226 1744 1400 1843 gerebant
1408 1745 1449 1819 in
1464 1745 1615 1833 animo,
1638 1763 1720 1817 non

791 1845 893 1960 prius
910 1841 1120 1921 contrahere
1147 1890 1162 1933 ,
1191 1867 1303 1946 quam
1320 1841 1490 1924 scribatur
1511 1867 1522 1919 ι
1545 1843 1605 1919 vel
1633 1859 1721 1919 ante

794 1965 918 2021 interr
943 1943 1000 2021 sos
1016 1947 1248 2022 conuenerit.
1273 1963 1313 2023 ut
1328 1939 1499 2046 scriptura
1514 1939 1626 2022 lieret.
1649 1939 1720 2018 Se·

792 2065 877 2135 cus,
950 2045 1170 2146 aprincipio
1183 2043 1619 2135 contrahunt&volunt,
1641 2039 1722 2119 fieri

791 2141 1002 2244 scripturam
1020 2137 1143 2244 pollen
1152 2143 1197 2220 ad
1206 2145 1473 2245 probationem.
1521 2143 1571 2221 Et
1586 2144 1644 2221 ital
1655 2141 1721 2220 de·

793 2242 905 2321 clarat
920 2243 974 2343 gl.
989 2246 1039 2320 ibi
1054 2245 1095 2322 bt
1112 2244 1198 2320 ahbr
1222 2269 1231 2317 ε
1282 2267 1366 2320 uam
1384 2243 1508 2322 caeteri
1527 2240 1722 2322 scribentes

647 2365 756 2438 spaera
794 2342 1007 2444 sequantur,
1030 2343 1072 2422 δι
1117 2345 1242 2422 ulchre
1260 2345 1272 2419 i
1297 2342 1396 2423 idem
1415 2341 1549 2424 Odosr.
1567 2343 1610 2422 δι
1628 2342 1719 2425 Alb.

793 2443 922 2548 quide
940 2465 1064 2522 mente
1086 2367 1330 2544 §peculatoris
1346 2439 1530 2537 scribunt,
1573 2441 1648 2522 uod
1663 2442 1723 2519 so-

792 2548 959 2625 lemnitas
977 2546 1072 2622 illius
1088 2545 1178 2644 legis
1193 2542 1358 2622 bodiede
1367 2541 1540 2623 consuetu
1568 2545 1576 2560 ’
1633 2546 1724 2621 n‘on

793 2644 964 2726 servatur.
1013 2643 1062 2722 Et
1084 2642 1185 2746 quod
1204 2645 1433 2746 requiratur,
1464 2662 1506 2723 ut
1525 2645 1620 2722 inter
1637 2666 1724 2744 par·

798 2765 855 2826 tes
875 2743 1000 2823 aslum
1022 2743 1063 2826 sit
1091 2742 1279 2844 expresse.
1312 2769 1361 2822 ne
1385 2745 1487 2823 aliter
1514 2742 1724 2824 contraslus

798 2848 916 2924 ualeat
937 2894 951 2936 ,
981 2844 1046 2922 nrsr
1064 2844 1125 2923 siat
1146 2842 1346 3024 lengun,
1367 2845 1451 2940 ait,
1481 2845 1576 2924 clare
1598 2863 1724 2922 tenere

801 2948 988 3049 Angelum
1016 2944 1152 3023 ibidem
1247 2969 1261 3024 t
1290 2943 1427 3022 ibidem
1452 2965 1575 3022 nmen
1594 2960 1723 3023 contm

797 3069 949 3137 tenere,
973 3045 1052 3123 aliis
1066 3047 1259 3137 videatura
1289 3047 1379 3134 item
1397 3046 1484 3122 alibi
1501 3042 1722 3124 Castrensis:

798 3172 912 3248 quern
931 3146 1100 3222 videntur
1115 3143 1218 3246 sequi
1238 3145 1378 3248 Fulgos.
1399 3143 1463 3222 Ias.
1488 3141 1616 3224 Socin.
1632 3141 1724 3222 Affl.

801 3249 898 3327 Dec.
923 3243 1024 3323 Citat
1041 3246 1228 3323 Decianus
1244 3243 1354 3323 Decii
1368 3241 1559 3324 confilium
1575 3243 1727 3323 undeci-

799 3373 908 3427 mum
932 3368 943 3420 τ
968 3349 1007 3423 in
1024 3368 1102 3448 quo
1124 3345 1263 3424 Decius
1276 3344 1414 3429 scribit,
1434 3346 1623 3447 quodnon
1635 3368 1726 3424 cen·

802 3452 916 3526 seatur
946 3445 1127 3546 perscitus
1153 3445 1361 3526 contraslus
1385 3466 1471 3523 ante
1504 3445 1728 3524 instrumen-

804 3569 885 3626 tum
903 3595 918 3638 ‚
942 3547 969 3623 st
992 3544 1134 3622 dictum
1152 3545 1206 3622 est
1225 3600 1236 3629 .
1255 3569 1297 3623 ut
1319 3548 1367 3624 de
1382 3544 1566 3624 transactis
1588 3544 1652 3623 fiat
1667 3547 1726 3622 in·

803 3649 1061 3727 strumentum.
1108 3645 1159 3723 Et
1174 3649 1274 3746 quod
1286 3647 1335 3723 ita
1343 3649 1539 3724 obtentum
1552 3646 1622 3724 fuit
1637 3645 1727 3722 Flo·

803 3750 941 3828 rentiae.
989 3747 1135 3826 Scilicet
1150 3771 1220 3823 nec
1236 3745 1401 3830 obstare,
1422 3745 1524 3848 quod
1534 3769 1612 3824 non
1628 3745 1729 3824 dica·

804 3868 862 3927 tur
878 3847 1084 3926 contraslus
1111 3854 1150 3921 in
1173 3846 1310 3948 scriptis
1327 3877 1341 3940 ς
1361 3849 1448 3946 quia
1465 3845 1636 3934 sitiatis,
1656 3844 1728 3924 sus·

806 3949 917 4050 pendi
935 3946 1205 4046 dispositionem
1224 3951 1264 4024 in
1282 3947 1446 4024 futurum
1464 3969 1609 4047 tempus
1629 3970 1639 4021 z
1658 3947 1728 4024 ita·

833 4072 878 4124 ue
902 4049 1029 4125 locum
1066 4050 1294 4147 poenitentiae
1319 4045 1505 4151 superesse.
1554 4046 1651 4125 Sane
1678 4047 1729 4126 ita

849 4150 947 4226 ecius
966 4171 1090 4226 revera
1104 4167 1229 4240 tenet,
1252 4172 1330 4224 non
1346 4149 1492 4226 videtur
1505 4169 1637 4226 tenere.
1675 4145 1730 4224 Et

808 4247 995 4326 Decianus
1016 4265 1093 4323 non
1113 4248 1206 4323 belle
1221 4266 1335 4325 tentat
1354 4247 1438 4324 istas
1458 4250 1661 4326 autoritates
1677 4245 1729 4324 sic

661 4356 795 4438 suasus.
808 4345 1010 4428 obscurare.
1043 4347 1056 4403 f
1103 4347 1164 4422 uid
1181 4371 1258 4424 non
1272 4351 1381 4424 etiarn
1398 4349 1526 4426 citavit
1541 4349 1729 4437 Decium,

662 4451 723 4514 ¹55³
807 4449 872 4526 ubi
888 4449 986 4525 idem
1004 4445 1114 4524 desen
1139 4448 1309 4537 imerius,
1332 4444 1730 4528 &Castrensemetiam

806 4552 848 4631 in
865 4547 1022 4631 consiliis
1042 4547 1153 4654 (qua
1168 4546 1245 4630 silet
1259 4547 1470 4648 Decianus)
1488 4545 1731 4724 prohacpatre
