4364 5916
984 925 1554 1036 EPISTOLA

811 1105 1156 1244 trociniumque
1187 1106 1427 1238 reciperet.
1471 1113 1605 1246 quod
1636 1145 1741 1222 cum

807 1263 977 1366 abillo
1003 1265 1334 1402 impetravisset
1351 1268 1608 1378 adcedente
1631 1311 1744 1413 prae·

805 1417 962 1526 sertim
980 1429 1201 1534 consensu
1213 1463 1356 1566 atque
1370 1431 1586 1562 penniffu
1596 1439 1746 1578 Regis

807 1613 985 1718 magnae
1002 1591 1284 1715 Britanniae,
1315 1596 1445 1724 cujus
1471 1593 1519 1691 in
1539 1596 1738 1727 imperio

806 1741 950 1846 frater
971 1778 1103 1869 erat,
1134 1787 1230 1854 non
1255 1756 1510 1856 mediocres
1528 1758 1746 1863 utilitates

810 1898 857 2000 se
884 1901 1151 2013 hominibus
1190 1918 1338 2052 gentis
1368 1914 1564 2032 vestrae,
1593 1913 1745 2026 fratris

808 2072 902 2168 mei
921 2105 1088 2203 opera,
1106 2075 1303 2177 attuliffe
1313 2146 1331 2196 ,
1349 2109 1434 2175 nec
1451 2074 1497 2176 se
1513 2067 1653 2182 animi
1671 2089 1743 2216 ju.

809 2226 1043 2366 diciique,
1061 2240 1193 2373 quod
1213 2243 1273 2340 de
1293 2245 1389 2372 ejus
1401 2235 1668 2374 diligentia,
1684 2242 1744 2344 fi·

810 2401 899 2516 de,
920 2401 1181 2537 integritate
1204 2401 1743 2536 praessannquedourina

812 2588 1114 2692 conceperat,
1133 2597 1182 2662 re
1200 2562 1298 2694 ipsa
1316 2562 1563 2696 cognovit,
1578 2597 1742 2698 exper-

810 2721 978 2857 tusque
994 2723 1071 2825 est.
1106 2725 1385 2828 Triennium
1399 2723 1449 2822 in
1469 2757 1530 2824 eo
1552 2759 1745 2858 munere

809 2887 1012 2991 versatus
1033 2885 1172 2989 frater
1184 2920 1291 2987 cum
1301 2881 1433 3002 effet,
1470 2885 1739 2991 diemsuum

810 3047 956 3165 obiit,
982 3049 1190 3145 maximo
1203 3112 1221 3163 ,
1239 3071 1292 3142 ut
1309 3045 1497 3172 accepi,
1528 3041 1737 3147 Illustris·

809 3205 909 3307 fimi
932 3205 1124 3341 Legati,
1158 3207 1242 3336 qui
1252 3203 1382 3301 illum
1394 3199 1569 3305 summe
1578 3207 1740 3346 dilige-

809 3365 891 3470 bat
898 3438 915 3487 ,
931 3368 1198 3470 &omniurn
1220 3366 1449 3466 bonorum
1458 3363 1631 3469 dolore.
1650 3369 1740 3472 Me

811 3528 1005 3665 quidem
1026 3559 1133 3628 curn
1151 3527 1231 3628 ille
1247 3523 1374 3628 casus
1392 3525 1525 3659 supra
1544 3530 1738 3631 modum

812 3687 1083 3808 afflixiffet,
1108 3717 1164 3792 ut
1192 3686 1365 3788 neceffe
1388 3715 1521 3806 etat,
1547 3691 1738 3791 intanta

810 3851 1737 3983 naturae‚studioru1n,rerumqueomniurn

809 4011 1157 4144 conjunstione5
1190 4015 1361 4114 nonita
1381 4042 1534 4116 tamen
1555 4042 1632 4113 me
1649 4012 1735 4113 do-

806 4175 996 4277 mestica
1009 4175 1219 4307 jaimra,
1249 4208 1389 4308 quarn
1416 4171 1601 4308 publrm
1631 4173 1733 4276 lite·

805 4371 955 4439 rarum
975 4409 993 4457 ,
1027 4339 1330 4474 inprimisque
1352 4337 1733 4475 Jurispmdentiae

810 4501 1044 4608 calamitas
1065 4530 1255 4635 accepta
1284 4505 1447 4612 movit.
1516 4505 1588 4610 Ut
1605 4503 1731 4600 enim

1616 4657 1731 4764 nrhrl
