4352 5882
823 924 895 1022 156
1013 928 1270 1008 Atocnrct
1295 927 1565 1006 Guuurtrr

818 1051 857 1127 in
865 1051 1044 1132 decisione
1052 1055 1255 1156 quoniam,
1278 1051 1410 1154 absque
1420 1051 1748 1152 refutationeejus,

818 1149 887 1228 alia
899 1175 993 1231 certa
1011 1153 1074 1230 fibi
1093 1157 1162 1232 fuit
1179 1151 1387 1254 responfio,
1404 1153 1505 1254 quod
1525 1151 1565 1228 in
1580 1150 1663 1228 casu
1683 1153 1750 1228 suo

671 1282 691 1344 q
715 1267 774 1326 nee.
784 1284 807 1324 r.
820 1254 1017 1354 necperfici
1026 1252 1197 1354 potuisset
1213 1253 1382 1354 probatio
1391 1253 1647 1330 incontinenti.
1673 1250 1749 1330 tln

667 1358 705 1471 ft*
721 1356 808 1414 Μ’·
819 1351 963 1432 ledluris
982 1354 1123 1432 Decius
1132 1353 1198 1432 stat
1206 1351 1368 1430 animose
1379 1373 1454 1452 ,pro
1462 1349 1748 1432 Panormitano.

667 1431 807 1564 lkiffi'ss]
818 1451 866 1530 Et
881 1477 952 1531 nec
967 1475 1089 1531 tamen
1106 1453 1253 1532 adducit
1271 1477 1341 1556 pro
1359 1448 1623 1532 Panormitano
1638 1450 1748 1551 quid·

815 1575 941 1654 quam.
1000 1552 1089 1632 Nec
1113 1554 1307 1655 respondet
1335 1553 1465 1654 primae
1489 1551 1746 1652 potentiffimae

815 1655 948 1731 rationi
971 1653 1171 1732 Alexandri
1204 1679 1213 1728 ε
1244 1676 1359 1756 quam
1388 1650 1745 1754 exscribit·Felynur

816 1775 959 1846 unam,
992 1755 1034 1830 δι
1058 1779 1169 1832 unam
1188 1751 1355 1854 indigitat
1372 1751 1476 1830 lason
1503 1751 1639 1828 bo'nam
1665 1777 1674 1825 :
1701 1753 1746 1832 δε

813 1877 898 1954 quae
910 1855 992 1932 hare
1010 1853 1062 1931 est
1086 1878 1094 1929 :
1119 1854 1182 1931 ubi
1200 1853 1417 1934 desideratur
1433 1849 1601 1952 probatio
1616 1857 1743 1930 incon·

814 1958 950 2032 tinenti
970 2004 985 2045 ,
1007 1955 1060 2031 ibi
1076 1957 1151 2054 ejus
1165 1954 1305 2032 oblatio
1324 1975 1493 2051 operatur
1510 1951 1668 2052 amplius
1683 1955 1743 2030 ni·

814 2056 865 2132 hil
891 2081 907 2130 a
927 2054 986 2131 led
1002 2053 1192 2133 morandae
1210 2055 1419 2137 executioni
1429 2049 1645 2133 desideratur
1659 2076 1745 2154 pro·

815 2156 916 2234 bario
942 2157 1222 2234 incontinenti:
1255 2179 1345 2256 ergo
1372 2155 1451 2249 ejus
1491 2153 1628 2232 oblatio
1661 2179 1743 2232 non

813 2257 1023 2359 operabitur
1044 2255 1087 2332 δι
1108 2254 1356 2359 depulfionem
1367 2251 1660 2358 praesumptionis
1678 2277 1741 2332 ca·

813 2356 975 2435 lumniae.
1025 2353 1177 2447 Miror,
1199 2353 1500 2439 Covartuviam,
1525 2357 1589 2456 qui
1612 2354 1655 2431 &
1675 2358 1737 2433 in·

813 2459 923 2535 clinat
940 2459 985 2536 ad
1003 2453 1307 2541 Panormitanum
1327 2501 1342 2540 a
1362 2453 1506 2545 dicere,
1531 2455 1740 2536 Alexandro

811 2555 1282 2661 responsumeiselDecio.
1331 2555 1568 2658 Respondet,
1589 2574 1740 2634 autten-

813 2678 864 2735 rat
881 2657 1094 2758 respondere
1111 2657 1249 2735 Decius
1264 2654 1309 2735 ad
1319 2656 1403 2738 alias
1415 2655 1611 2737 Alexandri
1627 2658 1737 2736 ratio·

812 2782 900 2936 ἕως
926 2759 1003 2936 {legi
1007 2759 1053 2835 ad
1061 2757 1308 2936 dlppradidigm
1327 2780 1376 2835 ne
1394 2757 1544 2937 adspirast
1572 2756 1736 2934 guidem.

842 2884 962 2936 urar
1005 2882 1060 2936 aa
1110 2882 1241 2938 ucoon
1272 2879 1558 2938 rmaturtncau
1601 2881 1736 2936 oeno-

664 2959 799 3090 212‘20‘5·
814 2881 1112 3076 strrprnpoffessorit
1135 2959 1303 3078 rinquo,
1314 2961 1415 3077 velut
1429 2962 1643 3078 executiuo,
1655 2957 1735 3079 spe·

660 3049 803 3184 ζώῃ,
813 3061 950 3140 cialiter
965 3061 1083 3138 adbuc
1099 3061 1330 3163 probationes
1352 3077 1596 3138 incontinenti
1613 3083 1736 3160 requr·

663 3200 681 3241 a
699 3204 727 3241 η.
745 3203 766 3241 ι.
777 3184 796 3242 r.
815 3182 944 3240 runtur
961 3165 1168 3240 executioni
1184 3161 1383 3240 morandae.
1403 3161 1736 3240 sExsecutionimo·

662 3260 713 3316 ⁸¹¹·
725 3276 797 3333 ω·
813 3261 934 3339 randae
953 3261 1167 3341 desideratur
1182 3263 1349 3362 probatio
1365 3262 1612 3340 incontinenti
1628 3285 1637 3335 ε
1653 3259 1673 3338 l
1695 3285 1737 3340 e·

663 3337 797 3394 curratur·

663 3413 719 3467 ΗΛ
730 3425 765 3466 u.
796 3356 950 3442 'cialiter
967 3383 1088 3440 autem
1107 3364 1316 3440 executioni
1341 3363 1529 3440 mutandae
1545 3364 1583 3438 iu
1600 3383 1649 3462 po
1679 3361 1736 3438 es·

663 3471 764 3547 rtur.
814 3462 920 3541 sorio.
972 3459 1023 3540 Et
1047 3462 1123 3540 duo
1144 3467 1258 3566 igitur
1280 3463 1431 3540 vincula
1456 3463 1586 3542 fortius
1607 3461 1734 3638 lipant.

662 3560 729 3634 unt
740 3581 761 3619 ¹·
815 3563 865 3644 Et
879 3564 959 3640 bac
974 3563 1078 3646 duo,
1103 3565 1144 3640 bc
1161 3583 1330 3666 practerea
1346 3563 1540 3642 calumniat
1556 3586 1629 3662 prae
1647 3587 1732 3640 urn-

664 3633 796 3786 {¹:2¹}ss
812 3667 974 3766 ptionem
994 3663 1112 3742 adhuc
1128 3664 1232 3742 tollet
1247 3664 1329 3743 haec
1346 3664 1484 3741 oblatio
1500 3665 1516 3742 l
1547 3665 1656 3740 etiam
1678 3661 1733 3742 est

662 3804 771 3846 naun.
811 3789 980 3852 vanum,
1009 3766 1109 3866 quod
1138 3765 1277 3843 Decius
1305 3762 1416 3864 jadtat
1443 3762 1491 3842 de
1515 3785 1732 3863 argumento

809 3865 881 3942 alio
893 3865 1090 3944 Alexandri
1107 3869 1145 3943 in
1162 3885 1328 3943 autorem
1346 3884 1493 3944 retorto.
1523 3865 1617 3941 Non
1627 3867 1729 3942 enim

807 3967 996 4066 sequitur,
1027 3963 1111 4043 utsr
1134 3965 1283 4066 speciale
1299 3964 1340 4044 srt
1357 3969 1397 4042 in
1419 3963 1613 4065 spoliatore
1639 3965 1732 4044 odio

805 4072 912 4168 ejus,
945 4091 993 4144 ne
1009 4067 1201 4156 audiatur,
1227 4066 1334 4142 etiam
1354 4065 1455 4166 quod
1474 4065 1563 4142 velit
1578 4067 1731 4166 probare

796 4169 1074 4257 incontinenti,
1101 4187 1143 4244 ut
1159 4165 1200 4244 stt
1216 4171 1440 4244 contrarium
1468 4168 1507 4243 in
1528 4167 1730 4244 calumnia·

807 4287 900 4344 tore.
947 4265 1031 4346 lmo
1053 4267 1261 4345 Alexander
1277 4269 1415 4368 probe,
1440 4265 1540 4366 quod
1560 4265 1631 4343 siin
1647 4265 1731 4366 spo·

803 4367 930 4445 liarore
948 4365 996 4444 fic
1012 4367 1096 4458 est,
1120 4370 1231 4444 etiam
1249 4367 1289 4442 in
1312 4368 1576 4445 calumniatore
1593 4365 1641 4444 src
1656 4363 1730 4444 esse

801 4468 944 4548 debeat.
995 4465 1729 4567 Odioliffrmusnamquee'stuterque-Et

801 4582 924 4648 rame'n
953 4591 1031 4648 non
1056 4571 1245 4673 aggredior
1265 4571 1423 4668 penitius
1449 4555 1542 4646 iliud
1562 4589 1726 4742 exargren.

1664 4686 1729 4744 ans
