4364 5916
556 943 1239 1060 DEDICATORIA.

440 1165 538 1269 quo
560 1137 662 1266 jure
681 1127 927 1265 disceptari
948 1156 1188 1262 pateretur.
1254 1122 1358 1225 Nec

436 1279 886 1422 privataeillaecauffae
897 1314 1056 1382 omnes
1068 1283 1174 1402 ,vel
1191 1279 1249 1378 ad
1259 1277 1353 1408 pti·

437 1443 721 1549 vatosmodo
733 1443 1037 1576 pertinentes,
1061 1437 1357 1570 sedquaedam

435 1630 575 1708 ettam
593 1599 821 1736 publia,
847 1601 1022 1732 dejure
1039 1598 1151 1698 beili
1162 1665 1180 1716 ,
1211 1596 1271 1697 de
1280 1599 1355 1728 ju·

436 1791 750 1899 teueguorum
769 1789 826 1857 ac
844 1754 1072 1857 foederum
1090 1778 1230 1854 erant.
1284 1751 1358 1850 O·

441 1926 621 2026 mnium
630 1951 785 2025 autem
793 1948 927 2038 cura,
945 1947 999 2017 ac
1017 1914 1362 2041 solicitudo'pro

445 2081 674 2217 Hispanis
692 2079 785 2182 suis
804 2076 1048 2180 necessario
1073 2069 1371 2176 incumbebat-

442 2245 522 2363 ei,
555 2243 639 2375 qui
656 2238 743 2339 illo
761 2265 969 2368 tempore
995 2232 1045 2332 in
1072 2230 1239 2364 Angiia
1266 2229 1371 2330 Cu.

441 2398 558 2504 thot
613 2396 762 2534 Regis
779 2392 917 2496 vestri
934 2389 1120 2488 nomine
1140 2389 1363 2521 Legatum

440 2558 617 2696 agebat.
647 2551 811 2655 Istum
829 2575 925 2651 erat
943 2547 1124 2686 gentilis
1139 2572 1267 2662 tuus,
1297 2543 1364 2642 ll·

440 2712 720 2822 lustriffimus
745 2723 793 2823 &
821 2701 1229 2810 Excellentiffimus
1246 2705 1359 2807 Don

446 2869 898 2987 PettusdeZuuica,
928 2861 1362 3004 virsuprasplendo·

447 3069 547 3138 rem
560 3033 808 3151 natalium,
831 3061 929 3163 quo
936 3024 1217 3162 principibus
1225 3027 1367 3124 totius

446 3193 687 3328 Hispaniae
715 3188 903 3292 familiis
929 3187 1074 3290 vestra
1103 3215 1366 3285 annumera-

448 3384 550 3470 tur,
581 3350 795 3454 nuximis
812 3345 1071 3482 quibusque
1086 3345 1136 3444 in
1155 3343 1359 3475 Republ.

450 3515 722 3618 muneribus⁴
738 3502 1167 3622 exercitatiffimus,
1198 3500 1367 3608 adhoc

450 3678 620 3781 virtute
646 3743 664 3796 ‚
695 3668 975 3805 prudentia,
1006 3658 1367 3800 magnificentia,

451 3865 594 3970 atque
630 3829 911 3930 humanitate
934 3822 1143 3957 inprimis
1173 3821 1368 3958 infiguis.

454 3993 597 4096 Abeo
606 3987 859 4124 appellatus
869 3983 1137 4086 fratermeus
1146 3978 1370 4080 humanii·

455 4151 566 4253 fime
586 4146 698 4268 fuit,
729 4178 780 4250 ut
796 4145 1003 4247 omnium
1020 4140 1199 4242 illarum
1208 4207 1225 4257 ,
1256 4173 1369 4274 quas

456 4301 582 4430 dixi,
614 4304 858 4408 causs‘arum
873 4302 1219 4406 advocationem
1236 4302 1284 4398 in
1296 4296 1364 4398 se·

468 4465 540 4587 se,
570 4463 827 4571 honorifico
835 4463 993 4566 salario
1002 4457 1272 4578 constituto,
1291 4489 1373 4592 pa·

971 4621 1002 4685 i
1040 4652 1061 4744 3
1290 4640 1382 4718 tro·
