4424 5888
774 973 847 1057 218
940 965 1207 1048 Annnnrcr
1230 966 1499 1050 Guttvrnrn

773 1092 945 1196 (quando
967 1094 1142 1172 convenit
1159 1092 1207 1170 de
1228 1091 1449 1194 posteriore)
1475 1089 1698 1170 venditionis

775 1193 1012 1274 celebrandae.
1066 1193 1180 1272 Utilis
1193 1195 1248 1272 est
1264 1191 1495 1295 praesentium
1513 1193 1698 1271 bonorum

777 1296 1035 1391 conservatio,
1060 1315 1123 1374 aut
1141 1296 1344 1373 absentium
1365 1295 1613 1393 comparatio,
1637 1307 1699 1369 aut

779 1397 962 1476 malorum
979 1395 1226 1500 propulsatio,
1249 1397 1309 1472 vel
1323 1393 1524 1471 inhibitio:
1552 1415 1592 1470 ut
1611 1392 1699 1472 Ari·

777 1495 921 1577 stoteles
939 1548 953 1592 ,
978 1497 1052 1576 srve
1093 1500 1147 1576 uis
1171 1499 1260 1574 alius
1278 1494 1406 1573 audior
1422 1492 1636 1580 Rhetoricae
1653 1488 1702 1571 ad

778 1598 1035 1678 Alexandrum
1048 1523 1185 1689 ,docet
1211 1595 1543 1686 Venditioautern,
1566 1596 1703 1694 dequo

776 1704 1008 1798 quaerimus,
1033 1699 1222 1780 conservat
1246 1699 1353 1776 nobie
1374 1698 1472 1776 bona
1490 1695 1700 1797 praesentia,

776 1801 960 1901 propulsat
969 1801 1208 1880 incommoda
1228 1799 1374 1890 futura,
1399 1814 1440 1874 ut
1459 1820 1534 1894 ego
1550 1794 1702 1897 quidem

774 1899 943 1980 censeo:
977 1903 1020 1979 dc
1044 1903 1209 1990 censeo,
1234 1921 1296 1977 me
1322 1922 1402 1976 non
1425 1894 1571 1975 censere
1599 1896 1704 1972 maie.

778 1996 847 2076 Tu
857 2019 982 2078 tamen
994 2003 1099 2100 (audi
1112 1997 1247 2100 modo)
1260 1999 1419 2078 censebis
1429 1998 1541 2100 longe
1551 1997 1704 2098 optime.

777 2095 1040 2179 Pronuntiavit
1054 2101 1196 2202 judex,
1220 2089 1536 2202 quemadmodum
1545 2095 1706 2200 Legatut

781 2198 919 2277 &esset
927 2205 965 2278 in
975 2199 1184 2304 possessione
1202 2201 1409 2289 bonorum,
1443 2196 1600 2275 &inea
1619 2193 1709 2273 effet

779 2297 991 2402 poffeffione
1009 2299 1212 2382 servandus.
1237 2299 1357 2377 Nunc
1373 2296 1400 2374 sr
1419 2296 1608 2376 adversarii
1627 2295 1709 2393 (di-

780 2421 830 2474 co
839 2402 993 2477 verbum
1011 2400 1253 2494 veriffimum)
1275 2399 1415 2496 judicio
1431 2416 1540 2499 agant
1555 2419 1709 2500 regupe·

780 2501 940 2594 ratori03
967 2499 1100 2578 eodem
1119 2497 1330 2601 posseffione
1349 2495 1508 2596 spoliati,
1533 2518 1708 2573 momen·

778 2611 1014 2700 intempore,
1041 2599 1186 2692 triduo,
1207 2595 1612 2678 trihoriorestitueotur.
1635 2593 1708 2673 Vi·

778 2696 899 2774 cimus
912 2697 1089 2778 naitanus
1100 2701 1215 2779 multa
1233 2699 1384 2775 incauia
1401 2697 1466 2774 ista
1481 2721 1546 2800 per
1564 2697 1710 2773 bonurn

781 2796 921 2890 fatum,
944 2797 1068 2878 nescio
1089 2823 1136 2877 an
1153 2822 1219 2901 per
1232 2797 1329 2900 negl'
1357 2799 1492 2874 entiam
1514 2799 1622 2900 partie
1644 2791 1712 2874 ad·

780 2895 895 2977 versae
903 2901 1061 2992 maiam,
1083 2901 1196 2977 etiam
1204 2899 1304 3000 quod
1318 2821 1472 2976 :ferrove
1481 2895 1641 2975 ineunda
1657 2920 1710 2975 ae·

783 2994 1198 3091 stimationenonursrt,
1223 2997 1449 3100 implicandis
1459 2999 1568 3077 novis
1578 2997 1710 3076 morin:

786 3095 1593 3197 utpotuitbelliiiimeMenoch.adipisc.rem.
1605 3118 1711 3196 pnu.

788 3195 874 3276 166.
897 3200 956 3276 vel
971 3201 1055 3300 quia
1065 3197 1260 3278 aestimatio
1269 3221 1457 3298 nunquam
1468 3195 1639 3276 tranfitin
1656 3195 1712 3292 ju·

789 3293 977 3389 dicatum,
1000 3298 1059 3376 vel
1069 3299 1176 3399 quia,
1199 3297 1293 3376 fadta
1310 3319 1438 3382 antea,
1458 3298 1519 3376 alii
1537 3296 1603 3375 fini
1612 3295 1713 3375 eafa·

787 3393 938 3475 diafuit·
963 3397 1084 3478 Etiam
1094 3398 1195 3500 quod
1211 3395 1256 3474 de
1268 3396 1642 3498 fidejufforibuvnovis
1651 3419 1712 3474 ac·

787 3497 965 3596 cipiendis
983 3523 1061 3576 non
1075 3501 1210 3598 exigit,
1235 3497 1277 3575 δι
1293 3499 1411 3601 potuit
1425 3500 1566 3598 optime
1587 3523 1599 3574 t
1625 3519 1712 3574 narn

784 3594 958 3676 datiolim
970 3595 1016 3674 de
1024 3598 1166 3697 judicio
1175 3597 1253 3683 isti,
1276 3621 1388 3699 reque
1397 3620 1476 3674 non
1486 3596 1714 3688 barattanda,

787 3719 866 3774 non
876 3716 1045 3776 tenentur
1049 3703 1125 3796 jam
1135 3724 1175 3775 re
1184 3697 1279 3776 faita
1287 3699 1405 3776 venali
1412 3721 1477 3798 per
1488 3697 1713 3798 judicispro·

789 3800 1063 3875 nuntiationem
1112 3799 1233 3876 Etiam
1256 3801 1303 3877 ab
1328 3799 1397 3875 hac
1411 3799 1715 3899 pronunciatione

790 3900 911 3996 potuit
921 3900 1094 3999 appellare
1118 3923 1127 3974 t
1152 3897 1332 3978 cumeiiet
1343 3899 1547 3977 secuturum
1562 3919 1708 3999 recupe-

788 3998 962 4074 ratorium
991 3998 1235 4099 supradidtum
1257 4016 1593 4078 monrenttneumt
1614 3997 1715 4101 quod

789 4095 853 4172 sua
871 4098 1048 4176 brevitate
1064 4099 1225 4200 periculo
1241 4099 1450 4201 perditionis
1463 4121 1584 4178 retum
1603 4147 1618 4192 ,
1642 4121 1715 4177 nec

789 4194 979 4276 frudiuum
993 4201 1242 4291 horatiorum,
1265 4202 1565 4280 satisocctrrreret.
1590 4201 1714 4300 Atque

795 4295 871 4373 hoc
889 4301 1141 4401 recuperatorii
1157 4302 1360 4380 remedium
1381 4300 1507 4400 judicii
1525 4298 1550 4376 fi
1570 4298 1712 4390 filetur,

791 4415 933 4498 autego
942 4403 1049 4477 totius
1059 4398 1134 4476 sum
1146 4402 1290 4501 ignarus
1293 4405 1406 4501 juris,
1425 4398 1713 4498 autidemigno·

793 4515 876 4572 rant
892 4498 1097 4578 universum
1114 4499 1250 4579 adversi
1276 4504 1429 4603 patroni.
1463 4500 1592 4604 Pergo.
1616 4499 1655 4577 Si
1670 4523 1715 4576 o·

795 4594 942 4678 mittant
972 4597 1020 4678 de
1047 4603 1153 4682 omni
1186 4602 1397 4706 poffeffione
1430 4597 1639 4707 disputare,
1672 4600 1715 4678 δε

1621 4721 1714 4779 con-
