4364 5916
993 927 1563 1042 EPISTOLA

810 1105 938 1216 Nam
956 1109 1127 1216 reliCiis
1143 1109 1459 1247 compluribus
1476 1117 1653 1256 dejure
1673 1114 1739 1218 ci·

810 1273 898 1379 vili
925 1274 1303 1392 commentariis,
1334 1305 1444 1378 cum
1476 1309 1558 1380 eos
1583 1307 1743 1380 omues

809 1429 1040 1570 supprimi
1066 1433 1145 1540 vel
1170 1432 1346 1536 aboleri
1369 1431 1587 1571 juffiss'et,
1615 1437 1742 1544 hunc

814 1594 964 1702 solum
982 1598 1194 1729 excepit,
1225 1626 1395 1729 quern,
1416 1597 1547 1730 quod
1570 1599 1746 1724 minus,

816 1791 960 1896 quarn
970 1757 1145 1876 careri,
1162 1751 1745 1893 imperfefflminusque

814 1914 1061 2051 impolitus
1088 1905 1199 2018 effer
1220 1917 1320 2030 ,io
1343 1910 1498 2015 lucem
1522 1917 1645 2018 ime
1665 1905 1746 2017 edi

817 2071 984 2175 voluit.
1019 2069 1247 2173 Continet
1264 2098 1419 2173 autem
1431 2068 1510 2172 hic
1528 2069 1746 2173 liberdii·

816 2231 1101 2364 ceptationes
1126 2262 1284 2335 earum
1311 2229 1745 2354 controversatum,

817 2422 935 2528 quas
962 2391 1012 2490 in
1039 2421 1184 2526 regno
1216 2389 1399 2524 Angliae
1423 2385 1631 2524 Hispani
1646 2390 1746 2493 alii·

818 2582 914 2686 que
952 2549 1141 2655 Cathol.
1169 2546 1350 2684 Majest.
1398 2547 1607 2672 subditi,
1638 2583 1746 2654 cum

816 2711 1018 2815 externis
1037 2722 1086 2814 &
1102 2707 1200 2810 fere
1220 2707 1479 2810 Hoilaudit
1492 2713 1747 2847 agitavere,

820 2901 959 2971 exeo
976 2895 1220 3003 tempore,
1250 2905 1348 3008 quo
1368 2867 1678 2972 Sereuiffimus
1697 2880 1747 2974 &

824 3019 1304 3162 Sapientiffimus'Rex
1315 3027 1519 3164 Jacobus
1533 3027 1572 3128 1.
1582 3027 1748 3133 floren·

817 3187 979 3290 tissimi
995 3189 1117 3288 illius
1135 3187 1265 3325 regui
1282 3181 1599 3316 poss'effrooem
1617 3223 1747 3293 acce·

817 3351 903 3480 pit.
948 3349 1080 3452 Nam
1099 3379 1216 3482 pace
1234 3379 1342 3448 cum
1362 3345 1581 3480 Hispanis
1600 3347 1748 3497 faita,

816 3507 1039 3645 initisque
1056 3505 1308 3612 foederibus
1330 3574 1348 3628 ,
1380 3503 1631 3646 cumquest
1647 3547 1745 3614 me·

818 3669 926 3770 dius
935 3670 1193 3804 interjectus
1204 3736 1221 3786 ,
1238 3671 1356 3770 inter
1365 3672 1475 3773 duas
1481 3699 1637 3810 gentes
1648 3673 1744 3775 bel·

817 3827 869 3928 lo
884 3829 1145 3966 gravissimo
1157 3865 1342 3966 acpene
1363 3834 1644 3938 interneciuo
1654 3833 1746 3940 dis·

813 3983 1045 4112 fidenies,
1073 3995 1258 4127 utrique
1289 4022 1441 4099 tameo
1457 4000 1662 4119 amicus,
1694 4007 1743 4101 &

814 4137 1065 4257 foederatus
1076 4151 1211 4276 effer,
1242 4191 1337 4262 uon
1344 4162 1526 4296 potuit,
1557 4160 1743 4298 quinde

814 4313 1132 4416 controversiis
1151 4349 1342 4453 quoque
1359 4355 1545 4443 taum,
1579 4351 1743 4456 quere.

813 4471 996 4610 lisque,
1028 4509 1142 4608 quas
1158 4481 1221 4582 ad
1238 4478 1332 4585 sese
1359 4481 1652 4604 detulissent,
1682 4513 1740 4579 ω·

1642 4674 1742 4782 quo
