4364 5916
584 947 1270 1066 DEDI'CATORIA.

462 1139 863 1280 nihildeasiisejus
878 1133 1085 1268 scriptis,
1100 1130 1378 1234 lucubratio·

459 1301 688 1441 nibusque
695 1301 875 1404 dicatur
881 1362 900 1418 ,
931 1318 1045 1429 q'uas
1061 1290 1231 1424 partim
1248 1270 1382 1398 vivus

460 1466 646 1582 edidit,
676 1461 847 1598 partim
876 1454 1145 1570 inchoatas,
1174 1447 1253 1551 vel
1267 1445 1384 1548 affe·

461 1627 558 1730 &as
570 1623 769 1728 babebat
776 1690 795 1741 ,
812 1639 1016 1753 quantus
1032 1605 1242 1712 cumulus
1256 1608 1389 1707 nobi·

458 1778 723 1890 lissimarum
751 1774 1041 1896 caussarum,
1074 1793 1245 1903 quanta
1272 1768 1390 1899 juris

457 1939 658 2049 scientim
685 1940 883 2061 nostrae,
910 1967 1015 2074 quae
1035 1931 1172 2031 nimis
1193 1921 1392 2058 angustis

457 2107 629 2240 privati
649 2105 766 2241 juris
804 2095 1026 2203 cancellis
1051 2087 1208 2193 claudi
1233 2116 1288 2185 ac
1304 2084 1390 2182 cir·

459 2264 703 2370 cundcribi
727 2264 939 2377 videtur,
968 2244 1301 2385 amplificandae
1319 2239 1387 2344 fa·

459 2423 715 2547 cultas,illo
730 2419 956 2532 extineto,
970 2413 1135 2545 periit?
1160 2407 1306 2539 Cujus
1320 2406 1388 2502 rei

458 2579 831 2724 argumentumsi
857 2575 1035 2678 nullum
1055 2567 1182 2667 aliud
1201 2561 1389 2663 habere·

461 2783 598 2870 muS,
628 2745 708 2849 hic
737 2765 862 2846 certe
890 2734 1006 2836 liber
1045 2721 1393 2861 amplisslmum,

462 2907 546 3010 nisi
575 2902 748 3021 fauor,
785 2890 1172 3019 clariffimumque
1191 2881 1391 2986 tessimo-

460 3068 590 3168 nium
601 3063 803 3200 praebere
815 3049 966 3192 possit.
1002 3049 1096 3150 Sed
1116 3041 1390 3149 verissimum

337 3339 341 3349 ,
462 3222 676 3356 profesto
694 3218 795 3339 est,
827 3209 961 3352 quod
979 3207 1183 3320 dicitur,
1213 3200 1390 3331 semper

467 3415 738 3520 praemature
754 3381 873 3481 mori
891 3370 1042 3476 videri
1062 3363 1208 3466 claros
1241 3356 1392 3458 homi·

466 3579 582 3669 nes,
609 3560 661 3656 ,δι
684 3546 825 3647 literis
847 3569 903 3642 ac
935 3523 1157 3660 Reipubl.
1179 3519 1391 3653 juvandae

468 3735 612 3812 natos.
659 3705 805 3805 Hunc
823 3701 965 3834 igitur
987 3691 1156 3798 librum
1172 3681 1317 3798 Tibi,
1331 3675 1394 3777 Il·

466 3865 720 3972 lustriffime
729 3861 960 3974 Domine,
980 3853 1119 3952 mitto
1126 3843 1390 3974 deditoque

461 4031 756 4171 justissimis,
799 4021 1089 4156 mopinot,
1121 4010 1184 4110 de
1219 3999 1392 4105 causfis.

467 4201 598 4304 Nam
617 4191 883 4325 Hisponicae
902 4169 1217 4286 advocationis
1243 4169 1294 4268 in
1314 4194 1397 4265 ex.

470 4363 610 4467 ternis
620 4355 768 4493 regnis
778 4348 917 4451 obitae
927 4339 1118 4471 scriptio
1140 4331 1217 4435 cui
1230 4323 1393 4463 justius

472 4525 699 4646 debetur,
725 4543 867 4656 quam
894 4500 1158 4776 Higpassico
1188 4495 1400 4754 ῑοςαὲἑ
